
% Intro and Problem Context

@misc{YouTubeRS,
    author = "{James Davidson, Benjamin Liebald, Junning Liu, Palash Nandy, and Taylor Van Vleet}",
    title = {{The YouTube Video Recommendation System}},
    howpublished = {\url{https://dl.acm.org/doi/pdf/10.1145/1864708.1864770}},
    note = {Online; accessed 30 November 2023},
    year=2010}

@misc{NetflixRS,
    author = "{Carlos A. Gomez-Uribe, Neil Hunt}",
    title = {{The Netflix Recommender System: Algorithms, Business Value, and Innovation}},
    howpublished = {\url{https://dl.acm.org/doi/pdf/10.1145/2843948}},
    note = {Online; accessed 30 November 2023},
    year=2015}

@misc{LinkedInRS,
    author = "{Krishnaram Kenthapadi, Benjamin Le, Ganesh Venkataraman}",
    title = {{Personalized Job Recommendation System at LinkedIn: Practical Challenges and Lessons Learned}},
    howpublished = {\url{https://dl.acm.org/doi/pdf/10.1145/3109859.3109921}},
    note = {Online; accessed 30 November 2023},
    year=2017}

@misc{AmazonRS,
    author = "{Brent Smith, Greg Linden}",
    title = {{Two Decades of Recommender
Systems at Amazon.com}},
    howpublished = {\url{https://ieeexplore.ieee.org/stamp/stamp.jsp?arnumber=7927889&tag=1}},
    note = {Online; accessed 30 November 2023},
    year=2017}

@misc{JYu,
    author = "{Junliang Yu, Hongzhi Yin∗, Xin Xia, Tong Chen, Jundong Li, and Zi Huang}",
    title = {{Self-Supervised Learning for Recommender Systems: A Survey}},
    howpublished = {\url{https://ieeexplore.ieee.org/stamp/stamp.jsp?arnumber=10144391&tag=1}},
    note = {Online; accessed 1 December 2023},
    year=2022}

@misc{XXin,
    author = "{Xin Xin, Alexandros Karatzoglou, Ioannis Arapakis, and Joemon M. Jose}",
    title = {{Self-Supervised Reinforcement Learning for
Recommender Systems}},
    howpublished = {\url{https://dl.acm.org/doi/pdf/10.1145/3397271.3401147}},
    note = {Online; accessed 1 December 2023},
    year=2020}

@misc{Matuszyk,
    author = "{Pawel Matuszyk, Myra Spiliopoulou}",
    title = {{Stream-based semi-supervised learning for recommender systems}},
    howpublished = {\url{https://link.springer.com/article/10.1007/s10994-016-5614-4}},
    note = {Online; accessed 1 December 2023},
    year=2017}

% Technical Background

%% content-based

@misc{Meidl,
    author = "{Michael Meidl, Steven Lytinen, and Kevin Raison}",
    title = {{Using Game Reviews to Recommend Games}},
    howpublished = {\url{https://ojs.aaai.org/index.php/AIIDE/article/view/12752/12600}},
    note = {Online; accessed 2 December 2023},
    %year=2022,
}

@misc{Zhang,
    author = "{Anqi Zhang}",
    title = {{Sentiment without Sentiment Analysis: Using the
Recommendation Outcome of Steam Game Reviews as Sentiment Predictor}},
    howpublished = {\url{https://openprairie.sdstate.edu/cgi/viewcontent.cgi?article=1487&context=etd2}},
    note = {Online; accessed 2 December 2023},
    year=2022,}

@misc{DWang,
    author = "{Donghui Wang, Yanchun Liang, Dong Xu, Xiaoyue Feng, Renchu Guan}",
    title = {{A content-based recommender system for computer science publications}},
    howpublished = {\url{https://www.sciencedirect.com/science/article/pii/S0950705118302107}},
    note = {Online; accessed 2 December 2023},
    year=2018,
}

@misc{Word2Vec,
    author = "{Tomas Mikolov, Kai Chen, Greg Corrado, Jeffrey Dean}",
    title = {{Efficient Estimation of Word Representations in
Vector Space}},
    howpublished = {\url{https://arxiv.org/pdf/1301.3781.pdf}},
    note = {Online; accessed 2 December 2023},
    year=2013,
}

@misc{SentenceEncoder,
    author = "{Daniel Cer, Yinfei Yang, Sheng-yi Kong, Nan Hua, Nicole Limtiaco, Rhomni St. John, Noah Constant, Mario Guajardo-Cespedes, Steve Yuan, Chris Tar, Yun-Hsuan Sung, Brian Strope, Ray Kurzweil}",
    title = {{Universal Sentence Encoder}},
    howpublished = {\url{https://arxiv.org/pdf/1803.11175.pdf}},
    note = {Online; accessed 2 December 2023},
    year=2018,
}

@misc{Vu,
    author = "{Quang N. Vu, Cor-Paul Bezemer}",
    title = {{Improving the Discoverability of Indie Games by Leveraging their
Similarity to Top-Selling Games}},
    howpublished = {\url{https://asgaard.ece.ualberta.ca/wp-content/uploads/2021/04/quang_fdg2021.pdf}},
    note = {Online; accessed 4 March 2023},
    % year=2018,
}

%% collaborative filtering

@misc{Chow,
    author = "{Anthony Chow, Min-Hui Nicole, Foo, and Giuseppe Manai }",
    title = {{HybridRank : A Hybrid Content-Based Approach To Mobile
Game Recommendations}},
    howpublished = {\url{https://citeseerx.ist.psu.edu/document?repid=rep1&type=pdf&doi=05c96a297534a5bbf4980c71f58e0cd503a43cc2\#page=16}},
    note = {Online; accessed 4 March 2023},
    year=2018,}

@misc{PerezMarcos,
    author = "{Javier Pérez-Marcos, Lucía Martín-Gómez, Diego M. Jiménez-Bravo, Vivian F. López, María N. Moreno-García }",
    title = {{Hybrid system for video game recommendation based on implicit ratings and social networks}},
    howpublished = {\url{https://link.springer.com/article/10.1007/s12652-020-01681-0}},
    note = {Online; accessed 4 March 2023},
    year=2020,
}

@misc{Ferdaous,
    author = "{Hdioud Ferdaous, Frikh Bouchra, Ouhbi Brahim, Mountasser Imad-eddine and Benghabrit Asmaa }",
    title = {{Recommendation using a clustering algorithm based on a hybrid features selection method}},
    howpublished = {\url{https://link.springer.com/article/10.1007/s10844-017-0493-0}},
    note = {Online; accessed 4 March 2023},
    year=2018,}

@misc{Gohari,
    author = "{Faezeh Sadat Gohari, Hassan Haghighi, Fereidoon Shams Aliee }",
    title = {{A semantic-enhanced trust based recommender system using ant colony optimization}},
    howpublished = {\url{https://link.springer.com/article/10.1007/s10489-016-0830-y}},
    note = {Online; accessed 5 March 2023},
    year=2016,
}

%% SMOTE
@misc{NVChawla,
    author = "{
N. V. Chawla
K. W. Bowyer
L. O. Hall
W. P. Kegelmeyer}",
    title = {{SMOTE: Synthetic Minority Over-sampling Technique}},
    howpublished = {\url{https://www.jair.org/index.php/jair/article/view/10302}},
    note = {Online; accessed 3 December 2023},
    year=2002,
}

%% SVM

@misc{LNguyen,
    author = "{Luong Vuong Nguyen, Tri-Hai Nguyen, Jason J. Jung, and David Camacho}",
    title = {{Extending collaborative filtering recommendation using word embedding: A hybrid approach}},
    howpublished = {\url{https://onlinelibrary.wiley.com/doi/pdf/10.1002/cpe.6232}},
    note = {Online; accessed 2 December 2023},
    year=2021,
}

@misc{CortesVapnikSVM,
    author = "{Corinna Cortes, Vladimir Vapnik}",
    title = {{Support-Vector Networks}},
    howpublished = {\url{https://link.springer.com/content/pdf/10.1007/bf00994018.pdf}},
    note = {Online; accessed 3 December 2023},
    year=1995,
}



%% Word embeddings

% Prior Work

% products
@misc{SteamInteractiveRecommender,
    %author = "{Ministry for Primary Industries}",
    title = {{Steam Interactive Recommender}},
    howpublished = {\url{https://store.steampowered.com/recommender/?snr=1_4_4_}},
    note = {Online; accessed 3 March 2023},
    year=2020,
}

@misc{SteamRecommenderLink,
    title = {{Steam Interactive Recommender Explanation}},
    howpublished = {\url{https://steamcommunity.com/games/593110/announcements/detail/1716373422378712841}},
    note = {Online; accessed 6 March 2023},
    year=2020,
}

@misc{QuanticFoundryRecommender,
    %author = "{Ministry for Primary Industries}",
    title = {{Quantic Foundry Recommender}},
    howpublished = {\url{https://apps.quanticfoundry.com/recommendations/gamerprofile/videogame/}},
    note = {Online; accessed 3 March 2023},
    % year=2023,
}

% NLP/word embeddings

@misc{Ryan_51,
    author = "{James Owen Ryan, Eric Kaltman, Michael Mateas, and Noah Wardrip-Fruin}",
    title = {{What We Talk About When We Talk About Games:
Bottom-Up Game Studies Using
Natural Language Processing}},
    howpublished = {\url{https://users.soe.ucsc.edu/~jor/publications/ryanGamesStudiesUsingNLP.pdf}},
    note = {Online; accessed 4 March 2023},
    %year=2022,
}

@misc{LNguyen,
    author = "{Luong Vuong Nguyen, Tri-Hai Nguyen, Jason J. Jung, and David Camacho}",
    title = {{Extending collaborative filtering recommendation using word embedding: A hybrid approach}},
    howpublished = {\url{https://onlinelibrary.wiley.com/doi/pdf/10.1002/cpe.6232}},
    note = {Online; accessed 2 December 2023},
    year=2021,
}

@misc{CSundermann,
    author = "{Camila V. Sundermann, Jo˜ao Antunes, Marcos A. Domingues and Solange O. Rezende}",
    title = {{Exploration of Word Embedding Model to Improve
Context-Aware Recommender Systems}},
    howpublished = {\url{https://ieeexplore.ieee.org/stamp/stamp.jsp?arnumber=8609619&tag=1}},
    note = {Online; accessed 3 December 2023},
    year=2018,
}

% ML in RS - Prior Work

@misc{Nawrocka,
    author = "{Agata Nawrocka, Andrzej Kot, and Marcin Nawrocki}",
    title = {{Application of machine learning in recommendation
systems}},
    howpublished = {\url{https://ieeexplore.ieee.org/stamp/stamp.jsp?arnumber=8399650&tag=1}},
    note = {Online; accessed 3 December 2023},
    year=2018,
}

@misc{XuAraki,
    author = "{Jin An Xu and Kenji Araki}",
    title = {{A SVM-based Personal Recommendation System for TV Programs}},
    howpublished = {\url{https://ieeexplore.ieee.org/stamp/stamp.jsp?tp=&arnumber=1651358}},
    note = {Online; accessed 3 December 2023},
    year=2018,
}

%% NLP in RS

@misc{Berbatova,
    author = "{Melania Berbatov}",
    title = {{Overview on NLP Techniques for Content-Based Recommender Systems for Books}},
    howpublished = {\url{https://aclanthology.org/R19-2009.pdf}},
    note = {Online; accessed 3 December 2023},
    year=2019,
}

@misc{Reuver,
    author = "{Myrthe Reuver, Antske Fokkens, and Suzan Verberne}",
    title = {{No NLP Task Should be an Island:
Multi-disciplinarity for Diversity in News Recommender Systems}},
    howpublished = {\url{https://aclanthology.org/2021.hackashop-1.7.pdf}},
    note = {Online; accessed 3 December 2023},
    year=2021,
}

@misc{Asani,
    author = "{Elham Asani, Hamed Vahdat-Nejad, Javad Sadri}",
    title = {{Restaurant recommender system based on sentiment analysis}},
    howpublished = {\url{https://www.sciencedirect.com/science/article/pii/S2666827021000578}},
    note = {Online; accessed 3 December 2023},
    year=2021,
}


% Methods

%% SVM - high dimensionality

@misc{Joachims,
    author = "{Thorsten Joachims}",
    title = {Text Categorization with Support Vector
Machines: Learning with Many Relevant
Features},
    howpublished = {\url{https://wiki.eecs.yorku.ca/course_archive/2013-14/W/6339/_media/joachims_98a.pdf}},
    note = {Online; accessed 3 December 2023},
    year=2005,
}

Text Categorization with Supp ort Vector
Machines: Learning with Many Relevant
Features

% Evaluation Metrics

% Results and Discussion

% Ethical Considerations

% Future Work

% Code Documentation

% https://steamcommunity.com/games/593110/announcements/detail/1716373422378712841

@misc{Ryan_47,
    author = "{James Owen Ryan, Eric Kaltman, Timothy Hong, Michael Mateas, and Noah Wardrip-Fruin}",
    title = {{People Tend to Like Related Games}},
    howpublished = {\url{https://eis.ucsc.edu/papers/ryanEtAl_PeopleTendToLikeRelatedGames.pdf}},
    note = {Online; accessed 4 March 2023},
    %year=2022,
}

@misc{Sifa_archetypal,
    author = "{Rafet Sifa, Christian Bauckhage, and Anders Drachen}",
    title = {{Archetypal Game Recommender Systems}},
    howpublished = {\url{https://citeseerx.ist.psu.edu/document?repid=rep1&type=pdf&doi=3e9d994f8f334d47e53659cd9913b4cbbc972cd7\#page=45}},
    note = {Online; accessed 4 March 2023},
    %year=2022,
}

@misc{Sifa_tensor,
    author = "{Rafet Sifa, Raheel Yawar, Rajkumar Ramamurthy, Christian Bauckhage, and Kristian Kersting }",
    title = {{Matrix- and Tensor Factorization for Game Content Recommendation}},
    howpublished = {\url{https://link.springer.com/article/10.1007/s13218-019-00620-2}},
    note = {Online; accessed 4 March 2023},
    year=2019,
}


@misc{Liang,
    author = "{Huizhi Liang, Yue Xu, Yuefeng Li, Richi Nayak}",
    title = {{Collaborative Filtering Recommender Systems Using Tag Information}},
    howpublished = {\url{https://eprints.qut.edu.au/29734/2/29734.pdf}},
    note = {Online; accessed 5 March 2023},
    year=2008,
}

@misc{Choi,
    author = "{Brian Choi, Misun Ryu, Dharmesh Panchal, Andrew Le}",
    title = {{Building Recommender Systems for
Video Games on Steam}},
    howpublished = {\url{https://library.ucsd.edu/dc/object/bb5021836n/_3_1.pdf}},
    note = {Online; accessed 27 March 2023},
}

@misc{WangZ,
    author = "{Wang Zhuohao, Wang Dong, Li Qing}",
    title = {{Keyword Extraction from Scientific Research Projects Based on SRP-TF-IDF}},
    howpublished = {\url{https://ietresearch.onlinelibrary.wiley.com/doi/full/10.1049/cje.2021.05.007}},
    note = {Online; accessed 1 April 2023},
    year=2021,
}

@misc{Kalra,
    author = "{Shivam Kalra, Larry Li, H.R. Tizhoosh}",
    title = {{Automatic Classification of Pathology Reports using TF-IDF Features}},
    howpublished = {\url{https://arxiv.org/pdf/1903.07406.pdf}},
    note = {Online; accessed 1 April 2023},
}
